
@article{xray,
  author    = {John R. Zech and
               Marcus A. Badgeley and
               Manway Liu and
               Anthony B. Costa and
               Joseph J. Titano and
               Eric K. Oermann},
  title     = {Confounding variables can degrade generalization performance of radiological
               deep learning models},
  journal   = {CoRR},
  volume    = {abs/1807.00431},
  year      = {2018},
  url       = {http://arxiv.org/abs/1807.00431},
  archivePrefix = {arXiv},
  eprint    = {1807.00431},
  timestamp = {Mon, 13 Aug 2018 16:47:49 +0200},
  biburl    = {https://dblp.org/rec/journals/corr/abs-1807-00431.bib},
  bibsource = {dblp computer science bibliography, https://dblp.org}
}


@misc{bias,
    title={Examining Gender and Race Bias in Two Hundred Sentiment Analysis Systems},
    author={Svetlana Kiritchenko and Saif M. Mohammad},
    year={2018},
    eprint={1805.04508},
    archivePrefix={arXiv},
    primaryClass={cs.CL}
}


@misc{nous,
 title={How to effectively use machine learning to implement public policy},
 author={David Diviny},
 year={2019}, 
 url={https://www.nousgroup.com/insights/effectively-use-machine-learning-implement-public-policy/}
 }
 
 @misc{adversary,
    title={Explaining and Harnessing Adversarial Examples},
    author={Ian J. Goodfellow and Jonathon Shlens and Christian Szegedy},
    year={2014},
    eprint={1412.6572},
    archivePrefix={arXiv},
    primaryClass={stat.ML}
}

@misc{rudin,
    title={Stop Explaining Black Box Machine Learning Models for High Stakes Decisions and Use Interpretable Models Instead},
    author={Cynthia Rudin},
    year={2018},
    eprint={1811.10154},
    archivePrefix={arXiv},
    primaryClass={stat.ML}
}